<?xml version="1.0" encoding="UTF-8"?><collection xmlns="http://www.loc.gov/MARC21/slim"><record><leader>00322nam--2200133-i-4500</leader><controlfield tag="001">000012819</controlfield><controlfield tag="002">20161230</controlfield><controlfield tag="005">20161230201030</controlfield><controlfield tag="008">060222s1000------------r-----000-0-eng-d</controlfield><datafield ind1=" " ind2=" " tag="245"><subfield code="a">Crystal growth. theory and techniques</subfield></datafield><datafield ind1=" " ind2=" " tag="260"><subfield code="a">London, Plenum Press, 1978</subfield></datafield><datafield ind1=" " ind2=" " tag="490"><subfield code="a">X+191p</subfield></datafield><datafield ind1=" " ind2=" " tag="700"><subfield code="a">Goodman, C.H.L</subfield></datafield><datafield ind1=" " ind2=" " tag="852"><subfield code="a">548.5</subfield></datafield></record></collection>